@book{lamport1986latex,
  title={LaTeX: A Document Preparation System},
  author={Lamport, Leslie},
  isbn={9780201157901},
  lccn={85019994},
  year={1986},
  publisher={Addison-Wesley Publishing Company}
}
